<?xml version="1.0" encoding="UTF-8"?>
<zs:searchRetrieveResponse xmlns:zs="http://www.loc.gov/zing/srw/">
  <zs:version>1.1</zs:version>
  <zs:numberOfRecords>41</zs:numberOfRecords>
  <zs:records>
    <zs:record>
      <zs:recordSchema/>
      <zs:recordPacking>xml</zs:recordPacking>
      <zs:recordData>
        <record xmlns="http://www.loc.gov/MARC21/slim">
          <leader>04161cam a2200697 i 4500</leader>
          <controlfield tag="001">21305851</controlfield>
          <controlfield tag="005">20191227062635.0</controlfield>
          <controlfield tag="008">191125s2019    mau           000 0 eng d</controlfield>
          <datafield tag="906" ind1=" " ind2=" ">
            <subfield code="a">7</subfield>
            <subfield code="b">cbc</subfield>
            <subfield code="c">copycat</subfield>
            <subfield code="d">2</subfield>
            <subfield code="e">ncip</subfield>
            <subfield code="f">20</subfield>
            <subfield code="g">y-gencatlg</subfield>
          </datafield>
          <datafield tag="925" ind1="0" ind2=" ">
            <subfield code="a">acquire</subfield>
            <subfield code="b">1 shelf copy</subfield>
            <subfield code="x">policy default</subfield>
          </datafield>
          <datafield tag="955" ind1=" " ind2=" ">
            <subfield code="b">rn45 2019-11-25 z-processor 1 copy to USASH</subfield>
            <subfield code="i">rm04 2019-12-27 to BCCD</subfield>
          </datafield>
          <datafield tag="010" ind1=" " ind2=" ">
            <subfield code="a">  2018278343</subfield>
          </datafield>
          <datafield tag="020" ind1=" " ind2=" ">
            <subfield code="a">9781946511454</subfield>
            <subfield code="q">paperback</subfield>
          </datafield>
          <datafield tag="020" ind1=" " ind2=" ">
            <subfield code="a">1946511455</subfield>
            <subfield code="q">paperback</subfield>
          </datafield>
          <datafield tag="035" ind1=" " ind2=" ">
            <subfield code="a">(OCoLC)on1112252890</subfield>
          </datafield>
          <datafield tag="040" ind1=" " ind2=" ">
            <subfield code="a">NRC</subfield>
            <subfield code="b">eng</subfield>
            <subfield code="c">NRC</subfield>
            <subfield code="e">rda</subfield>
            <subfield code="d">OBE</subfield>
            <subfield code="d">OCLCF</subfield>
            <subfield code="d">OCLCA</subfield>
            <subfield code="d">YDXIT</subfield>
            <subfield code="d">TOH</subfield>
            <subfield code="d">DLC</subfield>
          </datafield>
          <datafield tag="042" ind1=" " ind2=" ">
            <subfield code="a">lccopycat</subfield>
          </datafield>
          <datafield tag="043" ind1=" " ind2=" ">
            <subfield code="a">n-us---</subfield>
          </datafield>
          <datafield tag="082" ind1="0" ind2="4">
            <subfield code="a">330.12/2</subfield>
            <subfield code="2">23</subfield>
          </datafield>
          <datafield tag="050" ind1="0" ind2="0">
            <subfield code="a">HB95</subfield>
            <subfield code="b">.E267 2019</subfield>
          </datafield>
          <datafield tag="245" ind1="0" ind2="0">
            <subfield code="a">Economics after neoliberalism /</subfield>
            <subfield code="c">Joshua Cohen, editor.</subfield>
          </datafield>
          <datafield tag="264" ind1=" " ind2="1">
            <subfield code="a">Cambridge, MA :</subfield>
            <subfield code="b">Boston Review,</subfield>
            <subfield code="c">[2019]</subfield>
          </datafield>
          <datafield tag="300" ind1=" " ind2=" ">
            <subfield code="a">173 pages ;</subfield>
            <subfield code="c">23 cm.</subfield>
          </datafield>
          <datafield tag="336" ind1=" " ind2=" ">
            <subfield code="a">text</subfield>
            <subfield code="b">txt</subfield>
            <subfield code="2">rdacontent</subfield>
          </datafield>
          <datafield tag="337" ind1=" " ind2=" ">
            <subfield code="a">unmediated</subfield>
            <subfield code="b">n</subfield>
            <subfield code="2">rdamedia</subfield>
          </datafield>
          <datafield tag="338" ind1=" " ind2=" ">
            <subfield code="a">volume</subfield>
            <subfield code="b">nc</subfield>
            <subfield code="2">rdacarrier</subfield>
          </datafield>
          <datafield tag="490" ind1="1" ind2=" ">
            <subfield code="a">Boston review forum ;</subfield>
            <subfield code="v">11 (44.3)</subfield>
          </datafield>
          <datafield tag="505" ind1="0" ind2="0">
            <subfield code="g">Editor's note /</subfield>
            <subfield code="r">Joshua Cohen --</subfield>
            <subfield code="t">Economics after neoliberalism /</subfield>
            <subfield code="r">Suresh Naidu - Economics is the materiality of moral choice /</subfield>
            <subfield code="r">Corey Robin ---</subfield>
            <subfield code="t">Economics after partnership /</subfield>
            <subfield code="r">Oren Cass -</subfield>
            <subfield code="t">In defense of neoliberalism /</subfield>
            <subfield code="r">William Easterly --</subfield>
            <subfield code="t">Markets are political /</subfield>
            <subfield code="r">Debra Satz --</subfield>
            <subfield code="t">What about developing countries? /</subfield>
            <subfield code="r">Arvind Subramanian --</subfield>
            <subfield code="t">Trade restrictions will not achieve ethical globalism /</subfield>
            <subfield code="r">Margaret E. Peters --</subfield>
            <subfield code="t">Inclusive prosperity for global supply chains /</subfield>
            <subfield code="r">Alice Evans --</subfield>
            <subfield code="t">A transdisciplinary approach /</subfield>
            <subfield code="r">Complexity Economists --</subfield>
            <subfield code="t">"Illiberal" economics /</subfield>
            <subfield code="r">Caleb Orr --</subfield>
            <subfield code="t">The perils of quantification /</subfield>
            <subfield code="r">Ethan Bueno de Mesquita --</subfield>
            <subfield code="t">Empiricism's implicit bias /</subfield>
            <subfield code="r">Marshall Steinbaum --</subfield>
            <subfield code="t">Economists should enable democratic priorities /</subfield>
            <subfield code="r">Suresh Naidu, Dani Rodik, Gabriel Zucman --</subfield>
            <subfield code="t">Selling Keynesianism /</subfield>
            <subfield code="r">Robert Manduca --</subfield>
            <subfield code="t">Everyday economists /</subfield>
            <subfield code="r">Samuel Bowles --</subfield>
            <subfield code="t">Who owns corporations? /</subfield>
            <subfield code="r">Lenore Palladino --</subfield>
            <subfield code="t">The false promise of enlightenment /</subfield>
            <subfield code="r">Quinn Slobodian --</subfield>
            <subfield code="t">Free speech, incorporated /</subfield>
            <subfield code="r">Amy Kapcyznski</subfield>
          </datafield>
          <datafield tag="520" ind1=" " ind2=" ">
            <subfield code="a">Economics is in a state of "creative ferment," according to lead authors Suresh Naidu, Dani Rodrik, and Gabriel Zucman. A decade after the Great Recession, they argue for a new brand of economics, one divorced from market fundamentalism and focused instead on a more inclusive society. Responses to their ideas--which come from economists, philosophers, political scientists, and policymakers across the political spectrum--showcase just how passionate the debate over the future of economics has become. -- Publishers website</subfield>
          </datafield>
          <datafield tag="650" ind1=" " ind2="0">
            <subfield code="a">Neoliberalism.</subfield>
          </datafield>
          <datafield tag="650" ind1=" " ind2="0">
            <subfield code="a">Neoliberalism</subfield>
            <subfield code="z">United States</subfield>
            <subfield code="x">History</subfield>
            <subfield code="y">21st century.</subfield>
          </datafield>
          <datafield tag="650" ind1=" " ind2="0">
            <subfield code="a">Neoliberalism</subfield>
            <subfield code="z">United States</subfield>
            <subfield code="x">History</subfield>
            <subfield code="y">20th century.</subfield>
          </datafield>
          <datafield tag="650" ind1=" " ind2="0">
            <subfield code="a">Neoliberalism</subfield>
            <subfield code="x">Social aspects</subfield>
            <subfield code="z">United States.</subfield>
          </datafield>
          <datafield tag="650" ind1=" " ind2="0">
            <subfield code="a">Radical economics.</subfield>
          </datafield>
          <datafield tag="650" ind1=" " ind2="7">
            <subfield code="a">POLITICAL SCIENCE / General.</subfield>
            <subfield code="2">bisacsh</subfield>
          </datafield>
          <datafield tag="650" ind1=" " ind2="7">
            <subfield code="a">Neoliberalism.</subfield>
            <subfield code="2">fast</subfield>
            <subfield code="0">(OCoLC)fst01737382</subfield>
          </datafield>
          <datafield tag="650" ind1=" " ind2="7">
            <subfield code="a">Radical economics.</subfield>
            <subfield code="2">fast</subfield>
            <subfield code="0">(OCoLC)fst01087011</subfield>
          </datafield>
          <datafield tag="651" ind1=" " ind2="7">
            <subfield code="a">United States.</subfield>
            <subfield code="2">fast</subfield>
            <subfield code="0">(OCoLC)fst01204155</subfield>
          </datafield>
          <datafield tag="648" ind1=" " ind2="7">
            <subfield code="a">1900-2099</subfield>
            <subfield code="2">fast</subfield>
          </datafield>
          <datafield tag="655" ind1=" " ind2="7">
            <subfield code="a">History.</subfield>
            <subfield code="2">fast</subfield>
            <subfield code="0">(OCoLC)fst01411628</subfield>
          </datafield>
          <datafield tag="700" ind1="1" ind2=" ">
            <subfield code="a">Cohen, Joshua,</subfield>
            <subfield code="e">editor.</subfield>
          </datafield>
          <datafield tag="700" ind1="1" ind2=" ">
            <subfield code="a">Bowles, Samuel,</subfield>
            <subfield code="e">interviewee.</subfield>
          </datafield>
          <datafield tag="700" ind1="1" ind2=" ">
            <subfield code="a">Bueno de Mesquita, Ethan,</subfield>
            <subfield code="d">1974-</subfield>
            <subfield code="e">contributor.</subfield>
          </datafield>
          <datafield tag="700" ind1="1" ind2=" ">
            <subfield code="a">Cass, Oren,</subfield>
            <subfield code="d">1983-</subfield>
            <subfield code="e">contributor.</subfield>
          </datafield>
          <datafield tag="700" ind1="1" ind2=" ">
            <subfield code="a">Complexity Economists</subfield>
            <subfield code="e">contributor.</subfield>
          </datafield>
          <datafield tag="700" ind1="1" ind2=" ">
            <subfield code="a">Easterly, William,</subfield>
            <subfield code="d">1957-</subfield>
            <subfield code="e">contributor.</subfield>
          </datafield>
          <datafield tag="700" ind1="1" ind2=" ">
            <subfield code="a">Evans, Alice</subfield>
            <subfield code="e">contributor</subfield>
          </datafield>
          <datafield tag="700" ind1="1" ind2=" ">
            <subfield code="a">Kapcyznski, Amy</subfield>
            <subfield code="e">contributor</subfield>
          </datafield>
          <datafield tag="700" ind1="1" ind2=" ">
            <subfield code="a">Manduca, Robert</subfield>
            <subfield code="e">contributor</subfield>
          </datafield>
          <datafield tag="700" ind1="1" ind2=" ">
            <subfield code="a">Naidu, Suresh,</subfield>
            <subfield code="e">contributor.</subfield>
          </datafield>
          <datafield tag="700" ind1="1" ind2=" ">
            <subfield code="a">Orr, Caleb</subfield>
            <subfield code="e">contributor</subfield>
          </datafield>
          <datafield tag="700" ind1="1" ind2=" ">
            <subfield code="a">Palladino, Lenore</subfield>
            <subfield code="e">contributor</subfield>
          </datafield>
          <datafield tag="700" ind1="1" ind2=" ">
            <subfield code="a">Peters, Margaret E.,</subfield>
            <subfield code="d">1980-</subfield>
            <subfield code="e">contributor.</subfield>
          </datafield>
          <datafield tag="700" ind1="1" ind2=" ">
            <subfield code="a">Robin, Corey,</subfield>
            <subfield code="d">1967-</subfield>
            <subfield code="e">contributor.</subfield>
          </datafield>
          <datafield tag="700" ind1="1" ind2=" ">
            <subfield code="a">Rodrik, Dani,</subfield>
            <subfield code="e">contributor.</subfield>
          </datafield>
          <datafield tag="700" ind1="1" ind2=" ">
            <subfield code="a">Satz, Debra,</subfield>
            <subfield code="e">contributor.</subfield>
          </datafield>
          <datafield tag="700" ind1="1" ind2=" ">
            <subfield code="a">Slobodian, Quinn,</subfield>
            <subfield code="d">1978-</subfield>
            <subfield code="e">contributor.</subfield>
          </datafield>
          <datafield tag="700" ind1="1" ind2=" ">
            <subfield code="a">Steinbaum, Marshall,</subfield>
            <subfield code="e">contributor.</subfield>
          </datafield>
          <datafield tag="700" ind1="1" ind2=" ">
            <subfield code="a">Subramanian, Arvind,</subfield>
            <subfield code="e">contributor.</subfield>
          </datafield>
          <datafield tag="700" ind1="1" ind2=" ">
            <subfield code="a">Zucman, Gabriel,</subfield>
            <subfield code="e">contributor.</subfield>
          </datafield>
          <datafield tag="830" ind1=" " ind2="0">
            <subfield code="a">Forum (Cambridge, Mass.) ;</subfield>
            <subfield code="v">11.</subfield>
          </datafield>
        </record>
      </zs:recordData>
      <zs:recordPosition>1</zs:recordPosition>
    </zs:record>