
    <zs:record>
      <zs:recordSchema/>
      <zs:recordPacking>xml</zs:recordPacking>
      <zs:recordData>
        <record xmlns="http://www.loc.gov/MARC21/slim">
          <leader>00716cam a2200205u  4500</leader>
          <controlfield tag="001">9287391</controlfield>
          <controlfield tag="005">20080828134550.0</controlfield>
          <controlfield tag="008">810612s1948    dcu           000 0 eng  </controlfield>
          <datafield tag="906" ind1=" " ind2=" ">
            <subfield code="a">0</subfield>
            <subfield code="b">cbc</subfield>
            <subfield code="c">premunv</subfield>
            <subfield code="d">u</subfield>
            <subfield code="e">ncip</subfield>
            <subfield code="f">19</subfield>
            <subfield code="g">y-gencatlg</subfield>
          </datafield>
          <datafield tag="010" ind1=" " ind2=" ">
            <subfield code="a">med48000130 </subfield>
          </datafield>
          <datafield tag="035" ind1=" " ind2=" ">
            <subfield code="9">(DLC)med48000130</subfield>
          </datafield>
          <datafield tag="040" ind1=" " ind2=" ">
            <subfield code="a">DLC</subfield>
            <subfield code="c">CarP</subfield>
            <subfield code="d">DLC</subfield>
          </datafield>
          <datafield tag="050" ind1="0" ind2="0">
            <subfield code="a">RA11</subfield>
            <subfield code="b">.B154 no. 34b</subfield>
          </datafield>
          <datafield tag="100" ind1="1" ind2=" ">
            <subfield code="a">Evans, Alice Catherine,</subfield>
            <subfield code="d">1881- [from old catalog]</subfield>
          </datafield>
          <datafield tag="245" ind1="0" ind2="0">
            <subfield code="a">Brucellosis: undulant fever.</subfield>
          </datafield>
          <datafield tag="260" ind1=" " ind2=" ">
            <subfield code="a">[Washington,</subfield>
            <subfield code="b">U. S. Govt. Print. Off.,</subfield>
            <subfield code="c">1948]</subfield>
          </datafield>
          <datafield tag="300" ind1=" " ind2=" ">
            <subfield code="a">4 p.</subfield>
            <subfield code="c">24 cm.</subfield>
          </datafield>
          <datafield tag="650" ind1=" " ind2="0">
            <subfield code="a">Brucellosis.</subfield>
          </datafield>
          <datafield tag="810" ind1="1" ind2=" ">
            <subfield code="a">United States.</subfield>
            <subfield code="b">Public Health Service.</subfield>
            <subfield code="t">Miscellaneous publication</subfield>
            <subfield code="v">no. 34. [from old catalog]</subfield>
          </datafield>
          <datafield tag="991" ind1=" " ind2=" ">
            <subfield code="b">c-GenColl</subfield>
            <subfield code="h">RA11</subfield>
            <subfield code="i">.B154 no. 34b</subfield>
            <subfield code="t">Copy 1</subfield>
            <subfield code="w">PREM</subfield>
          </datafield>
        </record>
      </zs:recordData>
      <zs:recordPosition>12</zs:recordPosition>
    </zs:record>