
    <zs:record>
      <zs:recordSchema/>
      <zs:recordPacking>xml</zs:recordPacking>
      <zs:recordData>
        <record xmlns="http://www.loc.gov/MARC21/slim">
          <leader>00747cam a2200217u  4500</leader>
          <controlfield tag="001">9667748</controlfield>
          <controlfield tag="005">20080828134551.0</controlfield>
          <controlfield tag="008">830210s1924    dcua          000 0 eng  </controlfield>
          <datafield tag="906" ind1=" " ind2=" ">
            <subfield code="a">0</subfield>
            <subfield code="b">cbc</subfield>
            <subfield code="c">premunv</subfield>
            <subfield code="d">u</subfield>
            <subfield code="e">ncip</subfield>
            <subfield code="f">19</subfield>
            <subfield code="g">y-gencatlg</subfield>
          </datafield>
          <datafield tag="010" ind1=" " ind2=" ">
            <subfield code="a">   24026483 </subfield>
          </datafield>
          <datafield tag="035" ind1=" " ind2=" ">
            <subfield code="9">(DLC)   24026483</subfield>
          </datafield>
          <datafield tag="040" ind1=" " ind2=" ">
            <subfield code="a">DLC</subfield>
            <subfield code="c">CarP</subfield>
            <subfield code="d">DLC</subfield>
          </datafield>
          <datafield tag="050" ind1="0" ind2="0">
            <subfield code="a">RC200.U5</subfield>
            <subfield code="b">E8</subfield>
          </datafield>
          <datafield tag="100" ind1="1" ind2=" ">
            <subfield code="a">Evans, Alice Catherine. [from old catalog]</subfield>
          </datafield>
          <datafield tag="245" ind1="1" ind2="0">
            <subfield code="a">Malta fever.</subfield>
          </datafield>
          <datafield tag="260" ind1=" " ind2=" ">
            <subfield code="a">Washington,</subfield>
            <subfield code="b">Govt. print. off.,</subfield>
            <subfield code="c">1924.</subfield>
          </datafield>
          <datafield tag="300" ind1=" " ind2=" ">
            <subfield code="a">1 p.l., 18 p.</subfield>
            <subfield code="b">incl. tables.</subfield>
            <subfield code="c">23 cm.</subfield>
          </datafield>
          <datafield tag="650" ind1=" " ind2="0">
            <subfield code="a">Brucellosis.</subfield>
          </datafield>
          <datafield tag="710" ind1="1" ind2=" ">
            <subfield code="a">United States.</subfield>
            <subfield code="t">Public health service. Public health reports. Reprint 906. [from old catalog]</subfield>
          </datafield>
          <datafield tag="740" ind1=" " ind2=" ">
            <subfield code="a">Cattle as a source of Malta fever.</subfield>
          </datafield>
          <datafield tag="991" ind1=" " ind2=" ">
            <subfield code="b">c-GenColl</subfield>
            <subfield code="h">RC200.U5</subfield>
            <subfield code="i">E8</subfield>
            <subfield code="t">Copy 1</subfield>
            <subfield code="w">PREM</subfield>
          </datafield>
        </record>
      </zs:recordData>
      <zs:recordPosition>18</zs:recordPosition>
    </zs:record>