
    <zs:record>
      <zs:recordSchema/>
      <zs:recordPacking>xml</zs:recordPacking>
      <zs:recordData>
        <record xmlns="http://www.loc.gov/MARC21/slim">
          <leader>00847cam a2200217u  4500</leader>
          <controlfield tag="001">8751246</controlfield>
          <controlfield tag="005">20010129080808.0</controlfield>
          <controlfield tag="008">821207s1931    dcu           000 0 eng  </controlfield>
          <datafield tag="035" ind1=" " ind2=" ">
            <subfield code="9">(DLC)   31028286</subfield>
          </datafield>
          <datafield tag="906" ind1=" " ind2=" ">
            <subfield code="a">0</subfield>
            <subfield code="b">cbc</subfield>
            <subfield code="c">premunv</subfield>
            <subfield code="d">u</subfield>
            <subfield code="e">ncip</subfield>
            <subfield code="f">19</subfield>
            <subfield code="g">y-gencatlg</subfield>
          </datafield>
          <datafield tag="010" ind1=" " ind2=" ">
            <subfield code="a">   31028286 </subfield>
          </datafield>
          <datafield tag="040" ind1=" " ind2=" ">
            <subfield code="a">DLC</subfield>
            <subfield code="c">CarP</subfield>
            <subfield code="d">DLC</subfield>
          </datafield>
          <datafield tag="050" ind1="0" ind2="0">
            <subfield code="a">QR82.A5</subfield>
            <subfield code="b">E8</subfield>
          </datafield>
          <datafield tag="100" ind1="1" ind2=" ">
            <subfield code="a">Evans, Alice Catherine. [from old catalog]</subfield>
          </datafield>
          <datafield tag="245" ind1="1" ind2="2">
            <subfield code="a">A new subspecies, radicans, of Alcaligenes faecalis,</subfield>
          </datafield>
          <datafield tag="260" ind1=" " ind2=" ">
            <subfield code="a">Washington,</subfield>
            <subfield code="b">U. S. Govt. print. off.,</subfield>
            <subfield code="c">1931.</subfield>
          </datafield>
          <datafield tag="300" ind1=" " ind2=" ">
            <subfield code="a">1 p.l., 4 p.</subfield>
            <subfield code="b">incl. tab.</subfield>
            <subfield code="c">23 cm.</subfield>
          </datafield>
          <datafield tag="650" ind1=" " ind2="0">
            <subfield code="a">Alcaligenes faecalis. [from old catalog]</subfield>
          </datafield>
          <datafield tag="710" ind1="1" ind2=" ">
            <subfield code="a">United States.</subfield>
            <subfield code="t">Public health service. Public health reports. Reprint 1493. [from old catalog]</subfield>
          </datafield>
          <datafield tag="740" ind1="0" ind2=" ">
            <subfield code="a">Radicans, of Alcaligenes faecalis, A new subspecies.</subfield>
          </datafield>
          <datafield tag="991" ind1=" " ind2=" ">
            <subfield code="b">c-GenColl</subfield>
            <subfield code="h">QR82.A5</subfield>
            <subfield code="i">E8</subfield>
            <subfield code="p">00057118337</subfield>
            <subfield code="t">Copy 1</subfield>
            <subfield code="w">PREM</subfield>
          </datafield>
        </record>
      </zs:recordData>
      <zs:recordPosition>20</zs:recordPosition>
    </zs:record>