
    <zs:record>
      <zs:recordSchema/>
      <zs:recordPacking>xml</zs:recordPacking>
      <zs:recordData>
        <record xmlns="http://www.loc.gov/MARC21/slim">
          <leader>00652cam a22002051  4500</leader>
          <controlfield tag="001">16752532</controlfield>
          <controlfield tag="005">20110427121710.0</controlfield>
          <controlfield tag="008">110427s1925    paua          000 0 eng  </controlfield>
          <datafield tag="906" ind1=" " ind2=" ">
            <subfield code="a">0</subfield>
            <subfield code="b">cbc</subfield>
            <subfield code="c">premunv</subfield>
            <subfield code="d">3</subfield>
            <subfield code="e">ncip</subfield>
            <subfield code="f">19</subfield>
            <subfield code="g">y-gencatlg</subfield>
          </datafield>
          <datafield tag="955" ind1=" " ind2=" ">
            <subfield code="a">bi00 2011-04-27</subfield>
          </datafield>
          <datafield tag="010" ind1=" " ind2=" ">
            <subfield code="a">tmp96026062 </subfield>
          </datafield>
          <datafield tag="040" ind1=" " ind2=" ">
            <subfield code="a">DLC</subfield>
            <subfield code="c">DLC</subfield>
            <subfield code="d">DLC</subfield>
          </datafield>
          <datafield tag="050" ind1="0" ind2="0">
            <subfield code="a">DS107.3</subfield>
            <subfield code="b">.E85</subfield>
          </datafield>
          <datafield tag="100" ind1="1" ind2=" ">
            <subfield code="a">Evans, Alice Pickford.</subfield>
          </datafield>
          <datafield tag="245" ind1="1" ind2="0">
            <subfield code="a">Sunny lands and blue waters /</subfield>
            <subfield code="c">by Alice Pickford Brockway.</subfield>
          </datafield>
          <datafield tag="260" ind1=" " ind2=" ">
            <subfield code="a">Philadelphia :</subfield>
            <subfield code="b">Judson Press,</subfield>
            <subfield code="c">c1925.</subfield>
          </datafield>
          <datafield tag="300" ind1=" " ind2=" ">
            <subfield code="a">114 p. :</subfield>
            <subfield code="b">ill. ;</subfield>
            <subfield code="c">20 cm.</subfield>
          </datafield>
          <datafield tag="651" ind1=" " ind2="0">
            <subfield code="a">Palestine</subfield>
            <subfield code="x">Description and travel.</subfield>
          </datafield>
          <datafield tag="651" ind1=" " ind2="0">
            <subfield code="a">Egypt</subfield>
            <subfield code="x">Description and travel.</subfield>
          </datafield>
          <datafield tag="984" ind1=" " ind2=" ">
            <subfield code="b">Record input for RHIP</subfield>
          </datafield>
        </record>
      </zs:recordData>
      <zs:recordPosition>31</zs:recordPosition>
    </zs:record>